<?xml version="1.0" encoding="UTF-8"?><record xmlns="http://www.loc.gov/MARC21/slim" xmlns:cinclude="http://apache.org/cocoon/include/1.0" xmlns:zs="http://www.loc.gov/zing/srw/">
  <leader>00431nz  a2200133n  4500</leader>
  <controlfield tag="001">no2005092820</controlfield>
  <controlfield tag="003">DLC</controlfield>
  <controlfield tag="005">20051005052231.0</controlfield>
  <controlfield tag="008">051004n| acannaabn          |n aaa     c</controlfield>
  <datafield tag="010" ind1=" " ind2=" ">
    <subfield code="a">no2005092820</subfield>
  </datafield>
  <datafield tag="035" ind1=" " ind2=" ">
    <subfield code="a">(OCoLC)oca06750150</subfield>
  </datafield>
  <datafield tag="040" ind1=" " ind2=" ">
    <subfield code="a">ArLUA-L</subfield>
    <subfield code="b">eng</subfield>
    <subfield code="c">ArLUA-L</subfield>
  </datafield>
  <datafield tag="100" ind1="1" ind2=" ">
    <subfield code="a">Alpert, Carol</subfield>
  </datafield>
  <datafield tag="670" ind1=" " ind2=" ">
    <subfield code="a">Realizing visions and valuing history, 2005:</subfield>
    <subfield code="b">final program for AALL 2005 annual meeting p. 37 (Carol Alpert; New York Univ. Library)</subfield>
  </datafield>
</record>